@article{saari,
author = {G. Saari, Donald},
year = {2011},
month = {12},
pages = {},
title = {Geometry of Voting},
volume = {2},
journal = {Handbook of Social Choice and Welfare},
doi = {10.1016/S0169-7218(10)00027-4}
}
@book{chomsky,
  author    = {Noam Chomsky}, 
  title     = {Manufacturing Consent},
  publisher = {Black Rose Books},
  year      = 1994,
  address   = {New York},
  edition   = 1
}

@book{duverger,
  author    = {Maurice Duverger}, 
  title     = {Factors in a Two-Party and Multiparty System},
  publisher = {Thomas Crowell},
  year      = 1972,
  address   = {New York},
  edition   = 2
}